@string{siims="SIAM Journal on Imaging Sciences"}
@string{ijcv   = {International Journal of Computer Vision}}
@string{tip    = {IEEE Transactions on Image Processing}}
@string{cvpr="CVPR"}


@inproceedings{Kimmel98,
  author    = {Ron Kimmel and Ravi Malladi and Nir A. Sochen},
  title     = {Image Processing via the {B}eltrami Operator},
  booktitle = {ACCV},
  year      = {1998},
  pages     = {574--581},
  volume    = {1351},
  publisher = {Springer},
}

@article{Brook03,
  author    = {Alexander Brook and Ron Kimmel and Nir A. Sochen},
  title     = {Variational Restoration and Edge Detection for Color Images},
  journal   = {Journal of Mathematical Imaging and Vision},
  volume    = {18},
  number    = {3},
  year      = {2003},
  pages     = {247-268},
}

@Article{Grady-Alvino-tip09,
  author = 	 "L. Grady and C. Alvino",
  title = 	 "The Piecewise Smooth {M}umford-{S}hah Functional on an Arbitrary Graph", 
  journal =	 tip,
  year =	 "2009",
  volume =	 "18",
  number =	 "11"
}

@article {Mora,
    AUTHOR = {Maria Giovanna Mora},
     TITLE = {The Calibration Method for Free-Discontinuity Problems on Vector-Valued Maps},
   JOURNAL = {J. Convex Anal.},
  FJOURNAL = {Journal of Convex Analysis},
    VOLUME = {9},
      YEAR = {2002},
    NUMBER = {1},
     PAGES = {1--29},
}


@article {MumShah,
    AUTHOR = {Mumford, David and Shah, Jayant},
     TITLE = {Optimal approximations by piecewise smooth functions and
              associated variational problems},
   JOURNAL = {Comm. Pure Appl. Math.},
  FJOURNAL = {Communications on Pure and Applied Mathematics},
    VOLUME = {42},
      YEAR = {1989},
    NUMBER = {5},
     PAGES = {577--685},
      ISSN = {0010-3640},
     CODEN = {CPAMA},
   MRCLASS = {49F20 (41A30 92A27)},
  MRNUMBER = {997568 (90g:49033)},
MRREVIEWER = {Constantin Udri{\c{s}}te},
       DOI = {10.1002/cpa.3160420503},
       URL = {http://dx.doi.org/10.1002/cpa.3160420503},
}

@article {ABDM,
    AUTHOR = {Alberti, Giovanni and Bouchitt{\'e}, Guy and Dal Maso, Gianni},
     TITLE = {The calibration method for the {M}umford-{S}hah functional and
              free-discontinuity problems},
   JOURNAL = {Calc. Var. Partial Differential Equations},
  FJOURNAL = {Calculus of Variations and Partial Differential Equations},
    VOLUME = {16},
      YEAR = {2003},
    NUMBER = {3},
     PAGES = {299--333},
      ISSN = {0944-2669},
   MRCLASS = {49J45 (49Q20)},
  MRNUMBER = {2001706 (2004k:49029)},
MRREVIEWER = {Giandomenico Orlandi},
       DOI = {10.1007/s005260100152},
       URL = {http://dx.doi.org/10.1007/s005260100152},
}

@article {PCBC-SIIMS,
    AUTHOR = {Pock, Thomas and Cremers, Daniel and Bischof, Horst and
              Chambolle, Antonin},
     TITLE = {Global solutions of variational models with convex
              regularization},
   JOURNAL = {SIAM J. Imaging Sci.},
  FJOURNAL = {SIAM Journal on Imaging Sciences},
    VOLUME = {3},
      YEAR = {2010},
    NUMBER = {4},
     PAGES = {1122--1145},
      ISSN = {1936-4954},
   MRCLASS = {49M20 (65K15 68U10)},
  MRNUMBER = {2763711},
}
@INPROCEEDINGS{PockECCV,
  author = {T. Pock and T. Schoenemann and
		 G. Graber and H. Bischof and D. Cremers} ,
  title = {A Convex Formulation of Continuous Multi-Label Problems} ,
  month = {October} ,
  year = {2008} ,
  booktitle = {European Conference on Computer Vision (ECCV)} ,
  address = {Marseille, France} ,
}
@Article{Ishikawa,
  author =       {Ishikawa, H.},
  title =        {Exact optimization for {M}arkov random fields with convex priors},
  journal =      {IEEE Trans. Pattern Analysis and Machine Intelligence},
  year =         {2003},
  OPTkey =       {},
  volume =       {25},
  number =       {10},
  pages =        {1333-1336},
}
@InProceedings{IshikawaGeiger98,
  author =       {H. Ishikawa and D. Geiger},
  title =        {Segmentation by grouping junctions},
  OPTcrossref =  {},
  OPTkey =       {},
  booktitle = {IEEE Conf. Computer Vision and Pattern Recognition},
  pages =        {125--131},
  year =         {1998},
}
@article {ChJCA,
    AUTHOR = {Chambolle, Antonin},
     TITLE = {Convex representation for lower semicontinuous envelopes of
              functionals in {$L^1$}},
   JOURNAL = {J. Convex Anal.},
  FJOURNAL = {Journal of Convex Analysis},
    VOLUME = {8},
      YEAR = {2001},
    NUMBER = {1},
     PAGES = {149--170},
      ISSN = {0944-6532},
   MRCLASS = {49J45 (49J53 49Q20)},
  MRNUMBER = {1829060 (2002c:49021)},
MRREVIEWER = {Silvia Mataloni},
}
@book {Giusti,
    AUTHOR = {Giusti, Enrico},
     TITLE = {Minimal surfaces and functions of bounded variation},
    SERIES = {Monographs in Mathematics},
    VOLUME = {80},
 PUBLISHER = {Birkh\"auser Verlag},
   ADDRESS = {Basel},
      YEAR = {1984},
     PAGES = {xii+240},
      ISBN = {0-8176-3153-4},
   MRCLASS = {58E12 (49F10 53A10)},
  MRNUMBER = {775682 (87a:58041)},
MRREVIEWER = {Helmut Kaul},
}
@Book{GMS-CC,
  author = 	 {Giaquinta, Mariano and Modica, Giuseppe and Sou{\v{c}}ek,
              Ji{\v{r}}{\'{\i}}},
  title = 	 {Cartesian currents in the calculus of variations {I}, {II}.},
  OPTkey = 	 {},
  volume = 	 {37-38},
  OPTnumber = 	 {},
  series =       {Ergebnisse der Mathematik und ihrer Grenzgebiete. 3.},
  PUBLISHER = {Springer-Verlag},
  ADDRESS = {Berlin},
  YEAR = {1998},
}

@book {MR1645086,
    AUTHOR = {Giaquinta, Mariano and Modica, Giuseppe and Sou{\v{c}}ek,
              Ji{\v{r}}{\'{\i}}},
     TITLE = {Cartesian currents in the calculus of variations. {I}},
    SERIES = {Ergebnisse der Mathematik und ihrer Grenzgebiete. 3. Folge. A
              Series of Modern Surveys in Mathematics [Results in
              Mathematics and Related Areas. 3rd Series. A Series of Modern
              Surveys in Mathematics]},
    VOLUME = {37},
      NOTE = {Cartesian currents},
 PUBLISHER = {Springer-Verlag},
   ADDRESS = {Berlin},
      YEAR = {1998},
     PAGES = {xxiv+711},
      ISBN = {3-540-64009-6},
   MRCLASS = {49-02 (49Jxx 49Qxx 58A25)},
  MRNUMBER = {1645086 (2000b:49001a)},
MRREVIEWER = {Ernst C. Kuwert},
}
@book {MR1645082,
    AUTHOR = {Giaquinta, Mariano and Modica, Giuseppe and Sou{\v{c}}ek,
              Ji{\v{r}}{\'{\i}}},
     TITLE = {Cartesian currents in the calculus of variations. {II}},
    SERIES = {Ergebnisse der Mathematik und ihrer Grenzgebiete. 3. Folge. A
              Series of Modern Surveys in Mathematics [Results in
              Mathematics and Related Areas. 3rd Series. A Series of Modern
              Surveys in Mathematics]},
    VOLUME = {38},
      NOTE = {Variational integrals},
 PUBLISHER = {Springer-Verlag},
   ADDRESS = {Berlin},
      YEAR = {1998},
     PAGES = {xxiv+697},
      ISBN = {3-540-64010-X},
   MRCLASS = {49-02 (49Jxx 49Qxx 58A25)},
  MRNUMBER = {1645082 (2000b:49001b)},
MRREVIEWER = {Ernst C. Kuwert},
}
@book {AFP,
    AUTHOR = {Luigi Ambrosio, and Nicola Fusco, and Diego Pallara},
     TITLE = {Functions of bounded variation and free discontinuity problems},
    SERIES = {Oxford Mathematical Monographs},
 PUBLISHER = {The Clarendon Press Oxford University Press},
   ADDRESS = {New York},
      YEAR = {2000},
     PAGES = {xviii+434},
      ISBN = {0-19-850245-1},
   MRCLASS = {49-02 (49J45 49K10 49Qxx)},
  MRNUMBER = {1857292 (2003a:49002)},
MRREVIEWER = {J. E. Brothers},
}
@BOOK{BV,
  author = {Luigi Ambrosio, and Nicola Fusco, and Diego Pallara},
  title = {Functions of Bounded Variation and Free Discontinuity Problems},
  publisher =  {Oxford University Press},
  year = {2000},
  address = {USA},
}

@article {AmbrosioCompact,
    AUTHOR = {Ambrosio, Luigi},
     TITLE = {A compactness theorem for a new class of functions of bounded
              variation},
   JOURNAL = {Boll. Un. Mat. Ital. B (7)},
  FJOURNAL = {Unione Matematica Italiana. Bollettino. B. Serie VII},
    VOLUME = {3},
      YEAR = {1989},
    NUMBER = {4},
     PAGES = {857--881},
     CODEN = {BLUMAM},
   MRCLASS = {49A21 (26A45 46A50 46F10)},
  MRNUMBER = {1032614 (90k:49005)},
MRREVIEWER = {C. S. Sharma},
}


@INPROCEEDINGS{PCBC-ICCV09,
  author    = {T. Pock and D. Cremers and H. Bischof and A. Chambolle},
  title     = {An Algorithm for Minimizing the Piecewise Smooth {M}umford-{S}hah Functional},  
  booktitle = {ICCV},
  year      = {2009},
  titleurl  = "pock_et_al_iccv09.pdf",
  topic     = {Convex Relaxation Methods},
  keywords  = {convex-relaxation}
}
  address   = {Kyoto, Japan},


@inproceedings{PZB07,
  author    = {Thomas Pock and
               Christopher Zach and
               Horst Bischof},
  title     = {{M}umford-{S}hah Meets Stereo: Integration of Weak Depth Hypotheses},
  booktitle = cvpr,
  year      = {2007},
}
@article {cracktip,
    AUTHOR = {Bonnet, A. and David, G.},
     TITLE = {Cracktip is a global {M}umford-{S}hah minimizer},
   JOURNAL = {Ast\'erisque},
  FJOURNAL = {Ast\'erisque},
    NUMBER = {274},
      YEAR = {2001},
     PAGES = {vi+259},
      ISSN = {0303-1179},
   MRCLASS = {49Q20 (49J10 49N60)},
  MRNUMBER = {MR1864620 (2003e:49067)},
MRREVIEWER = {Piotr Haj{\l}asz},
}


@inproceedings{Xu-et-al-11,
  author = {Xu, Li and Lu, Cewu and Xu, Yi and Jia, Jiaya},
  title = {Image Smoothing via $L_0$ Gradient Minimization},
  booktitle = {Proceedings of  SIGGRAPH Asia},
  year = {2011},
  pages = {174:1--174:12},
  articleno = {174},
  numpages = {12},
  publisher = {ACM},
} 

@inProceedings{Veksler-cvpr07,
  author    = {O. Veksler},
  title     = {Graph cut based optimization for MRFs with truncated convex priors}, 
  booktitle = cvpr,
  year      = {2007},
}

@inProceedings{Strekalovskiy-et-al-cvpr12,
  author    = {E. Strekalovskiy and A. Chambolle and D. Cremers},
  title     = {A Convex Representation for the Vectorial Mumford-Shah Functional},
  booktitle = cvpr,
  year      = {2012},
  address   = {Providence, Rhode Island},
  month     = jun,
}


@ARTICLE{Pock-et-al-siims10,
	author    = {T. Pock and D. Cremers and H. Bischof and A. Chambolle},
	title     = {Global Solutions of Variational Models with Convex Regularization},
	journal   = {SIAM J. Imaging Sciences},
	year      = {2010},
	volume    = {3},
	number    = {4},
	pages     = {1122--1145},
}


@ARTICLE{Lellmann-Schnoerr-siims11,
	author    = {J. Lellmann and C. Schn{\"o}rr},
	title     = {Continuous Multiclass Labeling Approaches and Algorithms},
	journal   = {SIAM J. Imaging Sciences},
	year      = {2011},
	volume    = {4},
	number    = {4},
	pages     = {1049--1096},
}


@inproceedings{Zach-et-al-cvpr12,
  title = {What is optimized in tight convex relaxations for multi-label problems?},
  author = {Zach, Christopher and Hane, Christian and Pollefeys, Marc},
  booktitle = {CVPR},
  pages = {1664-1671},
  year = 2012
}


@article{Chambolle-95,
 author = {Chambolle, Antonin},
 title = {Image segmentation by variational methods: Mumford and Shah functional and the discrete approximations},
 journal = {SIAM J. Appl. Math.},
 volume = {55},
 number = {3},
 month = jun,
 year = {1995},
 issn = {0036-1399},
 pages = {827--863},
 numpages = {37},
} 

@Article{Chambolle-et-al-siims12,
  author =       {A. Chambolle and D. Cremers and T. Pock},  
  title =        {A Convex Approach to Minimal Partitions},
  journal = siims,
  year =      {2012},
  volume =   "5",
  number =   "4",
  pages =    "1113--1158"
}


@BOOK{Ghiglia-Pritt:SAR,
	author    = {D.~C. Ghiglia and M.~D. Pritt},
	title     = {Two-Dimensional Phase Unwrapping: Theory, Algorithms and Software},
	year      = {1998},
	publisher = {John Wiley \& Sons},
}


@BOOK{Rockafellar:ConvexAnalysis,
	author    = {R.~T. Rockafellar},
	title     = {Convex Analysis},
	year      = {1996},
	publisher = {Princeton University Press},
}


@BOOK{Giaquinta-et-al:Currents,
	author    = {M. Giaquinta and G. Modica and J. Sou\v{c}ek},
	title     = {Cartesian Currents in the Calculus of Variations I: Cartesian Currents},
	year      = {1998},
	publisher = {Springer Verlag},
}


@BOOK{Ambrosio-et-al:BV,
	author    = {L. Ambrosio and N. Fusco and D. Pallara},
	title     = {Functions of Boun\-ded Variation and Free Discontinuity Problems},
	year      = {2000},
	publisher = {Oxford University Press},
}




@ARTICLE{Giaquinta-et-al-93,
	title     = {Variational problems for maps of bounded variation with values in $S^1$},
	author    = {M. Giaquinta and G. Modica and J. Sou\v{c}ek},
	journal   = {Calc. Var. Partial Dif.},
	year      = {1993},
	volume    = {1},
	number    = {1},
	pages     = {87--121},
}


@ARTICLE{Giaquinta-Mucci-06,
	title     = {The {BV}-energy of maps into a manifold: relaxation and density results},
	author    = {M. Giaquinta and D. Mucci},
	journal   = {Ann. Scuola Norm. Sup. Pisa Cl. Sci},
	year      = {2006},
	volume    = {5},
	number    = {4},
	pages     = {483--548},
}


@ARTICLE{Giaquinta-Mucci-07,
	title     = {Maps of Bounded Variation with Values into a Manifold: Total Variation and Relaxed Energy},
	author    = {M. Giaquinta and D. Mucci},
	journal   = {Pure Appl. Math. Q.},
	year      = {2007},
	volume    = {3},
	number    = {2},
	pages     = {513--538},
}


@ARTICLE{Boykov-et-al-pami01,
	author    = {Y. Boykov and O. Veksler and R. Zabih},
	title     = {Fast Approximate Energy Minimization via Graph Cuts},
	journal   = {IEEE T. Pattern Anal. Mach. Intell.},
	year      = {2001},
	volume    = {23},
	number    = {11},
	pages     = {1222--1239},
	publisher = {IEEE Computer Society},
} 


@ARTICLE{Nikolova-et-al-06,
	author    = {M. Nikolova and S. Esedoglu and T.~F. Chan},
	title     = {Algorithms for Finding Global Minimizers of Image Segmentation and Denoising   Models},
	journal   = {SIAM J. Appl. Math.},
	year      = {2006},
	volume    = {66},
	number    = {5},
	pages     = {1632--1648},
	publisher = {SIAM},
}


@ARTICLE{Chambolle-Pock-jmiv11,
	author    = {A. Chambolle and T. Pock},
	title     = {A First-Order Primal-Dual Algorithm for Convex Problems with Applications to Imaging},
	journal   = {J. Math. Imaging Vis.},
	year      = {2011},
	volume    = {40},
	issue     = {1},
	pages     = {120--145},
	publisher = {Kluwer Academic Publishers},
} 


@ARTICLE{Marquina-Osher-08,
	author    = {A. Marquina and S.~J. Osher},
	title     = {Image Super-resolution by {TV} Regularization and {B}regman Iteration},
	journal   = {J. Sci. Comput.},
	year      = {2008},
	volume    = {37},
	number    = {3},
	pages     = {367--382},
	publisher = {Plenum Press},
}


@ARTICLE{Bertalmio-et-al-03,
	author    = {M. Bertalmio and L. Vese and G. Sapiro and S.~J. Osher},
	title     = {Simultaneous Structure and Texture Image Inpainting},
	journal   = {IEEE T. Image Process.},
	year      = {2003},
	volume    = {12},
	number    = {8},
	pages     = {882--889},
}


@ARTICLE{Alberti-et-al-03,
	author    = {G. Alberti and G. Bouchitt\'e and G. Dal Maso},
	title     = {The Calibration Method for the {M}umford-{S}hah Functional and Free-discontinuity Problems},
	journal   = {Calc. Var. Partial Dif.},
	year      = {2003},
	number    = {16},
	volume    = {3},
	pages     = {299--333},
}


@ARTICLE{Kovel-et-al-ijcv09,
	author    = {K. Kolev and M. Klodt and T. Brox and D. Cremers},
	title     = {Continuous Global Optimization in Multiview 3D Reconstruction},
	journal   = {Int. J. Comput. Vision},
	year      = {2009},
	volume    = {84},
	number    = {1},
	pages     = {80--96},
} 


@ARTICLE{Stefanovic-et-al-09,
	author    = {P. Stefanovic and M. Haataja and N. Provatas},
	title     = {Phase Field Crystal Study of Deformation and Plasticity in Nanocrystalline Materials},
	journal   = {Phys. Rev. E},
	year      = {2009},
	volume    = {80},
	number    = {4},
	pages     = {046107},
	publisher = {American Physical Society}
}


@ARTICLE{Ostresh-78,
	author    = {L.~M. Ostresh},
	title     = {On the Convergence of a Class of Iterative Methods for Solving the {W}eber Location Problem},
	journal   = {Oper. Res.},
	year      = {1978},
	volume    = {26},
	number    = {4},
	pager     = {597--609},
}




@INPROCEEDINGS{Kleinberg-Tardos-99,
	author    = {J. Kleinberg and E. Tardos},
	title     = {Approximation Algorithms for Classification Problems with Pairwise Relationships: Metric Labeling and Markov Random Fields},
	booktitle = {FOCS},
	year      = {1999},
	pages     = {14--23},
} 


@INPROCEEDINGS{Brox-et-al-eccv04,
	author    = {T. Brox and A. Bruhn and N. Papenberg and J. Weickert},
	title     = {High Accuracy Optical Flow Estimation Based on a Theory for Warping},
	booktitle = {ECCV},
	year      = {2004},
	pages     = {25--36},
}


@INPROCEEDINGS{Shulman-Herve-89,
	author    = {Shulman, D. and Herve, J.Y.},
	title     = {Regularization of Discontinuous Flow Fields},
	booktitle = {Visual Motion},
	year      = {1989},
	pages     = {81--86},
}


@INPROCEEDINGS{Strekalovsiy-Cremers-cvpr11,
	author    = {E. Strekalovskiy and D. Cremers},
	title     = {Total Variation for Cyclic Structures: Convex Relaxation and Efficient Minimization},
	booktitle = {CVPR},
	year      = {2011},
	pages     = {1905--1911},
}


@INPROCEEDINGS{Pock-et-al-cvpr09,
	author    = {T. Pock and A. Chambolle and H. Bischof and D. Cremers},
	title     = {A Convex Relaxation Approach for Computing Minimal Partitions},
	booktitle = {CVPR},
	year      = {2009},
	pages     = {810--817},
}


@INPROCEEDINGS{Pock-et-al-eccv08,
	author    = {T. Pock and T. Schoenemann and G. Graber and H. Bischof and D. Cremers},
	title     = {A Convex Formulation of Continuous Multi-Label Problems},
	booktitle = {ECCV},
	year      = {2008},
	pages     = {792--805},
}


@INPROCEEDINGS{Boerdgen-et-al-10,
	author    = {M. Boerdgen and B. Berkels and M. Rumpf and D. Cremers},
	title     = {Convex Relaxation for Grain Segmentation at Atomic Scale},
	booktitle = {VMV},
	year      = {2010},
	pages     = {179--186},
}


@TECHREPORT{Lellmann-et-al-techrep08,
	author      = {J. Lellmann and J.~H. Kappes and J. Yuan and F. Becker and C. Schn\"{o}rr},
	title       = {Convex Multi-Class Image Labeling by Simplex-\-Con\-strained Total Variation},
	type        = {Tech. Rep.},
	institution = {IWR, Univ. Heidelberg},
	year        = {2008},
	month       = {Oct.},
}


@inproceedings{Pock-Chambolle-iccv11,
  author    = {T. Pock and A. Chambolle},
  title     = {Diagonal Preconditioning for First Order Primal-Dual Algorithms in Convex Optimization},
  booktitle = {ICCV},
  year      = {2011},
  pages     = {1762--1769},
}

@article{Rudin-Osher-Fatemi-92,
  title={Nonlinear total variation based noise removal algorithms},
  author={Rudin, Leonid I and Osher, Stanley and Fatemi, Emad},
  journal={Physica D: Nonlinear Phenomena},
  volume={60},
  number={1},
  pages={259--268},
  year={1992},
  publisher={Elsevier}
}

@incollection{fix2014duality,
  title={Duality and the Continuous Graphical Model},
  author={Fix, Alexander and Agarwal, Sameer},
  booktitle={Computer Vision--ECCV 2014},
  pages={266--281},
  year={2014},
  publisher={Springer}
}

@incollection{Zach-Kohli-eccv12,
year={2012},
isbn={978-3-642-33782-6},
booktitle={ECCV},
volume={7577},
title={A Convex Discrete-Continuous Approach for Markov Random Fields},
publisher={Springer Berlin Heidelberg},
author={Zach, Christopher and Kohli, Pushmeet},
pages={386-399},
language={English}
}

@incollection{Hirschmueller-gcpr14,
year={2014},
isbn={978-3-319-11751-5},
booktitle={German Conference on Pattern Recognition},
volume={8753},
doi={10.1007/978-3-319-11752-2_3},
title={High-Resolution Stereo Datasets with Subpixel-Accurate Ground Truth},
url={http://dx.doi.org/10.1007/978-3-319-11752-2_3},
publisher={Springer},
author={Scharstein, Daniel and Hirschm\"{u}ller, Heiko and Kitajima, York and Krathwohl, Greg and Nešić, Nera and Wang, Xi and Westling, Porter},
pages={31-42},
language={English}
}

@article{Nayar-nakagawa-cvpr92,
 author = {Nayar, S. K. and Nakagawa, Y.},
 title = {Shape from Focus},
 journal = {IEEE Trans. Pattern Anal. Mach. Intell.},
 issue_date = {August 1994},
 volume = {16},
 number = {8},
 month = aug,
 year = {1994},
 issn = {0162-8828},
 pages = {824--831},
 numpages = {8},
 url = {http://dx.doi.org/10.1109/34.308479},
 doi = {10.1109/34.308479},
 acmid = {628640},
 publisher = {IEEE Computer Society},
 address = {Washington, DC, USA},
 keywords = {accuracy, depth estimation algorithm, image focus quality, image sequences, image texture, optical microscope, robustness, shape from focus method, sum-modified-Laplacian operator, visual inspection tasks},
}

@string{siims="SIAM Journal on Imaging Sciences"}
@Article{strekalovskiy-et-al-siims14,
  author = {E. Strekalovskiy and A. Chambolle and D. Cremers},
  title = {Convex Relaxation of Vectorial Problems with Coupled Regularization},
  journal = siims,
  year = {2014},
  volume = "7",
  number = "1",
  pages = "294--336",
  topic = {Convex Relaxation Methods, Optic Flow},
  keywords = {convex-relaxation, optical-flow},
}

@article{Schlesinger76,
author = "M.I. Schlesinger",
journal = "Kibernetika",
pages = "113--130",
title = "{S}intaksicheskiy analiz dvumernykh zritelnikh signalov
                   v usloviyakh pomekh ({S}yntactic analysis of
                   two-dimensional visual signals in noisy conditions)",
volume = "4",
year = "1976",
}

@article{Werner-tpami2007,
 author = {Werner, Tomas},
 title = {A Linear Programming Approach to Max-Sum Problem: A Review},
 journal = {IEEE Trans. Pattern Anal. Mach. Intell.},
 issue_date = {July 2007},
 volume = {29},
 number = {7},
 month = jul,
 year = {2007},
 issn = {0162-8828},
 pages = {1165--1179},
 numpages = {15},
 url = {http://dx.doi.org/10.1109/TPAMI.2007.1036},
 doi = {10.1109/TPAMI.2007.1036},
 acmid = {1263485},
 publisher = {IEEE Computer Society},
 address = {Washington, DC, USA},
 keywords = {Markov random fields, Markov random fields, undirected graphical models, constraint satisfaction, belief propagation, linear programming relaxation, max-sum, max-plus, max-product, supermodular optimization., belief propagation, constraint satisfaction, linear programming relaxation, max-plus, max-product, max-sum, supermodular optimization., undirected graphical models},
} 

@inproceedings{Zach-aistats13,
   author              = {Christopher Zach},
   title               = {Dual Decomposition for Joint Discrete-Continuous Optimization.},
   booktitle           = {AISTATS},
   year                = {2013},
   pages               = {632-640},
   ee                  = {http://jmlr.org/proceedings/papers/v31/zach13a.html},
}

@incollection{Fix-eccv14,
year={2014},
isbn={978-3-319-10577-2},
booktitle={Computer Vision – ECCV 2014},
volume={8691},
series={Lecture Notes in Computer Science},
doi={10.1007/978-3-319-10578-9_18},
title={Duality and the Continuous Graphical Model},
url={http://dx.doi.org/10.1007/978-3-319-10578-9_18},
publisher={Springer International Publishing},
author={Fix, Alexander and Agarwal, Sameer},
pages={266-281},
language={English}
}


@article{ChambolleTV-2010,
  title={An introduction to total variation for image analysis},
  author={Chambolle, Antonin and Caselles, Vicent and Cremers, Daniel and Novaga, Matteo and Pock, Thomas},
  journal={Theoretical foundations and numerical methods for sparse recovery},
  volume={9},
  pages={263--340},
  year={2010},
  publisher={Walter de Gruyter}
}

@article{Beale-Tomlin-1970,
title={Special facilities in a general mathematical programming system for nonconvex problems using ordered sets of variables},
author={E.M.L. Beale and J.A. Tomlin},
journal={Proceedings of the fifth international conference on operational research},
pages={447-454},
year={1970},
publisher={Tavistock Publications, London, 1970},
editor={J. Lawrence}
}

@article{Goldstein-Esser-13,
    author = {Goldstein, Tom and Esser, Ernie and Baraniuk, Richard},
    booktitle = {arXiv:1305.0546v2},
    citeulike-article-id = {13571434},
    keywords = {pdhg, point, saddle},
    posted-at = {2015-04-04 20:37:19},
    priority = {2},
    title = {{Adaptive Primal-Dual Hybrid Gradient Methods for Saddle-Point Problems}},
    year = {2013},
    journal = {arXiv Preprint}
}

@Article{Esser-Zhang-Chan-10,
  author = {Esser,E. and Zhang, X. and Chan, T.},
  title = {A General Framework for a Class of First Order Primal-Dual Algorithms for Convex Optimization in Imaging Science},
  journal = {SIAM Journal on Imaging Sciences},
  year = 2010,
  volume = 3,
  number = 4,
  pages = "1015--1046", 
}

@string{iccv="ICCV"}
@inproceedings{lellmann-et-al-iccv2013,
  author = {J. Lellmann and E. Strekalovskiy and S. Koetter and D. Cremers},
  title = {Total Variation Regularization for Functions with Values in a Manifold},
  year = {2013},
  month = {December},
  titleurl = {lellmann-et-al-iccv2013.pdf},
  booktitle = iccv,
  topic = {Convex Relaxation Methods},
  keywords  = {convex-relaxation, Segmentation}
}

@Article{Lellmann2012,
author="Lellmann, Jan
and Lenzen, Frank
and Schn{\"o}rr, Christoph",
title="Optimality Bounds for a Variational Relaxation of the Image Partitioning Problem",
journal="Journal of Math. Imag. and Vision",
year="2012",
volume="47",
number="3",
pages="239--257",
abstract="We consider a variational convex relaxation of a class of optimal partitioning and multiclass labeling problems, which has recently proven quite successful and can be seen as a continuous analogue of Linear Programming (LP) relaxation methods for finite-dimensional problems. While for the latter several optimality bounds are known, to our knowledge no such bounds exist in the infinite-dimensional setting. We provide such a bound by analyzing a probabilistic rounding method, showing that it is possible to obtain an integral solution of the original partitioning problem from a solution of the relaxed problem with an a priori upper bound on the objective. The approach has a natural interpretation as an approximate, multiclass variant of the celebrated coarea formula.",
issn="1573-7683",
doi="10.1007/s10851-012-0390-7",
url="http://dx.doi.org/10.1007/s10851-012-0390-7"
}
