@inproceedings{carreira2014distributed,
	title={Distributed optimization of deeply nested systems},
	author={Carreira-Perpinan, Miguel and Wang, Weiran},
	booktitle={Artificial Intelligence and Statistics},
	pages={10--19},
	year={2014}
}

@inproceedings{taylor2016training,
	title={Training neural networks without gradients: A scalable admm approach},
	author={Taylor, Gavin and Burmeister, Ryan and Xu, Zheng and Singh, Bharat and Patel, Ankit and Goldstein, Tom},
	booktitle={International conference on machine learning},
	pages={\space2722--2731},
	year={2016}
}

@article{lewis2016proximal,
	title={A proximal method for composite minimization},
	author={Lewis, Adrian S and Wright, Stephen J},
	journal={Mathematical Programming},
	volume={158},
	number={1-2},
	pages={501--546},
	year={2016},
	publisher={Springer}
}

@article{frerix2017proximal,
	title={Proximal Backpropagation},
	author={Frerix, Thomas and M{\"o}llenhoff, Thomas and Moeller, Michael and Cremers, Daniel},
	journal={arXiv preprint arXiv:1706.04638},
	year={2017}
}

@article{hong2016convergence,
	title={Convergence analysis of alternating direction method of multipliers for a family of nonconvex problems},
	author={Hong, Mingyi and Luo, Zhi-Quan and Razaviyayn, Meisam},
	journal={SIAM Journal on Optimization},
	volume={26},
	number={1},
	pages={337--364},
	year={2016},
	publisher={SIAM}
}

@article{geiping2018composite,
	title={Composite Optimization by Nonconvex Majorization-Minimization},
	author={Geiping, Jonas and Moeller, Michael},
	journal={arXiv preprint arXiv:1802.07072},
	year={2018}
}